<?xml version="1.0" encoding="UTF-8"?><collection xmlns="http://www.loc.gov/MARC21/slim"><record><leader>00594nam--2200193-i-4500</leader><controlfield tag="001">000037040</controlfield><controlfield tag="002">20161230</controlfield><controlfield tag="005">20161230201041</controlfield><controlfield tag="008">060222s1000------------r-----000-0-rum-d</controlfield><datafield ind1=" " ind2=" " tag="040"><subfield code="a">IFIN-HH</subfield></datafield><datafield ind1=" " ind2=" " tag="041"><subfield code="a">rum</subfield></datafield><datafield ind1=" " ind2=" " tag="080"><subfield code="a">624</subfield></datafield><datafield ind1="1" ind2=" " tag="100"><subfield code="a">Petcu, Valeriu</subfield></datafield><datafield ind1="1" ind2="0" tag="245"><subfield code="a">Probleme actuale in mecanica solidelor</subfield><subfield code="b">Vol.3: adaptabilitatea plastica a structurilor din beton armat</subfield><subfield code="c">Valeriu petcu, georgeta stanculescu, umberto pancaldi</subfield></datafield><datafield ind1=" " ind2=" " tag="260"><subfield code="a">Bucuresti</subfield><subfield code="b">Editura Academiei Rsr</subfield><subfield code="c">1981</subfield></datafield><datafield ind1=" " ind2=" " tag="300"><subfield code="a">624</subfield></datafield><datafield ind1="1" ind2=" " tag="700"><subfield code="a">Pancaldi, Umberto</subfield></datafield><datafield ind1=" " ind2=" " tag="852"><subfield code="a">44260</subfield><subfield code="c">539.2</subfield></datafield><datafield ind1=" " ind2=" " tag="CAT"><subfield code="a">Sys</subfield><subfield code="c">20121025</subfield><subfield code="h">172818</subfield></datafield></record></collection>